<record xmlns="http://www.loc.gov/MARC21/slim" xmlns:xsi="http://www.w3.org/2001/XMLSchema-instance" xsi:schemaLocation="http://www.loc.gov/MARC21/slim http://www.loc.gov/standards/marcxml/schema/MARC21slim.xsd"><leader>01868nam a2200385   4500</leader><controlfield tag="001">1682095</controlfield><controlfield tag="003">NIC</controlfield><controlfield tag="006">m        d        </controlfield><controlfield tag="007">cr cn |||m|||a</controlfield><controlfield tag="008">150222s1953    le      ob    000 0 ara d</controlfield><datafield ind1=" " ind2=" " tag="040"><subfield code="a">NNU</subfield><subfield code="b">eng</subfield><subfield code="c">NNU</subfield></datafield><datafield ind1=" " ind2="4" tag="050"><subfield code="a">PJ7816.A694</subfield><subfield code="b">Z7 1953</subfield></datafield><datafield ind1="1" ind2=" " tag="100"><subfield code="6">880-01</subfield><subfield code="a">Dasu&#772;qi&#772;, &#699;Umar.</subfield></datafield><datafield ind1="1" ind2="0" tag="245"><subfield code="6">880-02</subfield><subfield code="a">Mah&#803;mu&#772;d Sa&#772;mi&#772; al-Ba&#772;ru&#772;di&#772;</subfield><subfield code="h">[electronic resource] /</subfield><subfield code="c">bi-qalam &#699;Umar al-Disu&#772;qi&#772;.</subfield></datafield><datafield ind1=" " ind2=" " tag="260"><subfield code="6">880-03</subfield><subfield code="a">Bayru&#772;t :</subfield><subfield code="b">Da&#772;r al-Ma&#699;a&#772;rif,</subfield><subfield code="c">1953.</subfield></datafield><datafield ind1=" " ind2=" " tag="300"><subfield code="a">online resource (118 p.)</subfield></datafield><datafield ind1="1" ind2=" " tag="490"><subfield code="6">880-04</subfield><subfield code="a">Nawa&#772;bigh al-fikr al-&#699;Arabi&#772; ;</subfield><subfield code="v">4</subfield></datafield><datafield ind1=" " ind2=" " tag="500"><subfield code="a">Part of the Arabic Collections Online (ACO) project, contributed by Cornell University Libraries.</subfield></datafield><datafield ind1=" " ind2=" " tag="504"><subfield code="a">Includes bibliographical references.</subfield></datafield><datafield ind1=" " ind2=" " tag="533"><subfield code="a">Electronic reproduction.</subfield><subfield code="b">New York, N.Y. :</subfield><subfield code="c">New York University,</subfield><subfield code="d">2015.</subfield><subfield code="5">NNU</subfield></datafield><datafield ind1="1" ind2="0" tag="600"><subfield code="6">880-05</subfield><subfield code="a">Ba&#772;ru&#772;di&#772;, Mah&#803;mu&#772;d Sa&#772;mi&#772;,</subfield><subfield code="d">1839-1904.</subfield></datafield><datafield ind1="1" ind2="7" tag="600"><subfield code="a">Ba&#772;ru&#772;di&#772;, Mah&#803;mu&#772;d Sa&#772;mi&#772;,</subfield><subfield code="d">1839-1904.</subfield><subfield code="2">fast</subfield><subfield code="0">(OCoLC)fst00103379</subfield></datafield><datafield ind1="2" ind2=" " tag="710"><subfield code="a">Cornell University.</subfield><subfield code="b">Libraries.</subfield></datafield><datafield ind1="0" ind2=" " tag="730"><subfield code="a">Arabic Collections Online.</subfield></datafield><datafield ind1="0" ind2="8" tag="776"><subfield code="i">Print version:</subfield><subfield code="a">Dasu&#772;qi&#772;, &#699;Umar.</subfield><subfield code="t">Mah&#803;mu&#772;d Sa&#772;mi&#772; al-Ba&#772;ru&#772;di&#772;</subfield><subfield code="w">(NIC)1682095</subfield><subfield code="w">(OCoLC)60505808</subfield></datafield><datafield ind1=" " ind2="0" tag="830"><subfield code="6">880-96</subfield><subfield code="a">Nawa&#772;bigh al-fikr al-&#699;Arabi&#772; ;</subfield><subfield code="v">4.</subfield></datafield><datafield ind1="4" ind2="0" tag="856"><subfield code="u">http://hdl.handle.net/2333.1/7d7wm5dd</subfield></datafield><datafield ind1="1" ind2=" " tag="880"><subfield code="6">100-01/r</subfield><subfield code="a">&#1583;&#1587;&#1608;&#1602;&#1610;&#1548; &#1593;&#1605;&#1585;.</subfield></datafield><datafield ind1="1" ind2="0" tag="880"><subfield code="6">245-02/r</subfield><subfield code="a">&#1605;&#1581;&#1605;&#1608;&#1583; &#1587;&#1575;&#1605;&#1610; &#1575;&#1604;&#1576;&#1575;&#1585;&#1608;&#1583;&#1610; /</subfield><subfield code="c">&#1576;&#1602;&#1604;&#1605; &#1593;&#1605;&#1585; &#1575;&#1604;&#1583;&#1587;&#1608;&#1602;&#1610;.</subfield></datafield><datafield ind1=" " ind2=" " tag="880"><subfield code="6">260-03/r</subfield><subfield code="a">&#1576;&#1610;&#1585;&#1608;&#1578; :</subfield><subfield code="b">&#1583;&#1575;&#1585; &#1575;&#1604;&#1605;&#1593;&#1575;&#1585;&#1601;&#1548;</subfield><subfield code="c">1953.</subfield></datafield><datafield ind1="1" ind2=" " tag="880"><subfield code="6">490-04/r</subfield><subfield code="a">&#1606;&#1608;&#1575;&#1576;&#1594; &#1575;&#1604;&#1601;&#1603;&#1585; &#1575;&#1604;&#1593;&#1585;&#1576;&#1610; &#1563;</subfield><subfield code="v">4</subfield></datafield><datafield ind1="1" ind2="4" tag="880"><subfield code="6">600-05/r</subfield><subfield code="a">&#1576;&#1575;&#1585;&#1608;&#1583;&#1610;&#1548; &#1605;&#1581;&#1605;&#1608;&#1583; &#1587;&#1575;&#1605;&#1610;&#1548;</subfield><subfield code="d">1904-1839.</subfield></datafield><datafield ind1=" " ind2="0" tag="880"><subfield code="6">830-96/r</subfield><subfield code="a">&#1606;&#1608;&#1575;&#1576;&#1594; &#1575;&#1604;&#1601;&#1603;&#1585; &#1575;&#1604;&#1593;&#1585;&#1576;&#1610; &#1563; ;</subfield><subfield code="v">4.</subfield></datafield><datafield ind1=" " ind2=" " tag="959"><subfield code="a">NNU</subfield><subfield code="b">WEB</subfield><subfield code="c">GENI</subfield><subfield code="t">0</subfield><subfield code="m">Electronic access</subfield><subfield code="s">01</subfield></datafield><datafield ind1=" " ind2=" " tag="999"><subfield code="i">NIC_1682095</subfield><subfield code="o">(OCoLC)ocm60505808 </subfield><subfield code="s">cornell_aco000024</subfield></datafield></record>